

@book{first,
    author = {Khadka, Supriya and G.C., Ranju and Paudel, Prabin and Shah, Rahul and Joshi, Basanta},
    year = {2023},
    month = {08},
    pages = {73-77},
    title = {Nepali Text-to-Speech Synthesis using Tacotron2 for Melspectrogram Generation},
    doi = {10.21437/SIGUL.2023-16}
    }

@inbook{inbook,
    author = {Joshi, Basanta and Bhatta, Bharat and Panday, Sanjeeb and Maharjan, Ram},
    year = {2022},
    month = {04},
    pages = {433-443},
    title = {A Novel Deep Learning Based Nepali Speech Recognition},
    isbn = {9789811916762},
    doi = {10.1007/978-981-19-1677-9_39}
    }


@inproceedings{inproceedings,
author = {Dhakal, Manish and Chhetri, Arman and Gupta, Aman and Lamichhane, Prabin and Pandey, Suraj and Shakya, Subarna},
year = {2022},
month = {07},
pages = {515-521},
title = {Automatic speech recognition for the Nepali language using CNN, bidirectional LSTM and ResNet},
doi = {10.1109/ICICT54344.2022.9850832}
}

@article{link4,
author = {Regmi, Paribesh and Dahal, Arjun and Joshi, Basanta},
year = {2019},
month = {07},
pages = {1-6},
title = {Nepali Speech Recognition using RNN-CTC Model},
volume = {178},
journal = {International Journal of Computer Applications},
doi = {10.5120/ijca2019918401}
}

@inbook{link5,
author = {Sen, Soumya and Dutta, Anjan and Dey, Nilanjan},
year = {2019},
month = {01},
pages = {13-43},
title = {Speech Processing and Recognition System: Concepts, Techniques and Research Overviews},
isbn = {978-981-13-6097-8},
journal = {SpringerBriefs in Applied Sciences and Technology},
doi = {10.1007/978-981-13-6098-5_2}
}

@book{link6 ,
author = {Rajan Ghimire},
link = {https://www.kaggle.com/code/rajanghimire/nepali-word2vec},
title = {Nepali_Word2Vec},
year = {2019}
}



